%YAML 1.1
%TAG !u! tag:unity3d.com,2011:
--- !u!1 &7473907358434754249
GameObject:
  m_ObjectHideFlags: 0
  m_CorrespondingSourceObject: {fileID: 0}
  m_PrefabInstance: {fileID: 0}
  m_PrefabAsset: {fileID: 0}
  serializedVersion: 6
  m_Component:
  - component: {fileID: 5900840295879707866}
  - component: {fileID: 3222598500683855596}
  - component: {fileID: 9188593558137621013}
  - component: {fileID: 1484299133784238018}
  - component: {fileID: 1484299133784238021}
  - component: {fileID: 1484299133784238020}
  - component: {fileID: 1484299133784238023}
  - component: {fileID: 2309932790389807803}
  m_Layer: 8
  m_Name: Dice6
  m_TagString: Untagged
  m_Icon: {fileID: 0}
  m_NavMeshLayer: 0
  m_StaticEditorFlags: 0
  m_IsActive: 1
--- !u!4 &5900840295879707866
Transform:
  m_ObjectHideFlags: 0
  m_CorrespondingSourceObject: {fileID: 0}
  m_PrefabInstance: {fileID: 0}
  m_PrefabAsset: {fileID: 0}
  m_GameObject: {fileID: 7473907358434754249}
  m_LocalRotation: {x: 0, y: 0, z: 0, w: 1}
  m_LocalPosition: {x: -0, y: 1.339, z: -0}
  m_LocalScale: {x: 50, y: 50, z: 50}
  m_Children:
  - {fileID: 2510820378681620137}
  m_Father: {fileID: 0}
  m_RootOrder: 0
  m_LocalEulerAnglesHint: {x: 0, y: 0, z: 0}
--- !u!33 &3222598500683855596
MeshFilter:
  m_ObjectHideFlags: 0
  m_CorrespondingSourceObject: {fileID: 0}
  m_PrefabInstance: {fileID: 0}
  m_PrefabAsset: {fileID: 0}
  m_GameObject: {fileID: 7473907358434754249}
  m_Mesh: {fileID: -5495902117074765545, guid: f7a8e6742b5a3244dbe3a9187fb3d260, type: 3}
--- !u!23 &9188593558137621013
MeshRenderer:
  m_ObjectHideFlags: 0
  m_CorrespondingSourceObject: {fileID: 0}
  m_PrefabInstance: {fileID: 0}
  m_PrefabAsset: {fileID: 0}
  m_GameObject: {fileID: 7473907358434754249}
  m_Enabled: 0
  m_CastShadows: 0
  m_ReceiveShadows: 1
  m_DynamicOccludee: 1
  m_MotionVectors: 1
  m_LightProbeUsage: 1
  m_ReflectionProbeUsage: 1
  m_RayTracingMode: 2
  m_RenderingLayerMask: 1
  m_RendererPriority: 0
  m_Materials:
  - {fileID: 2100000, guid: 31e3f4d798984a44da088a920a13078e, type: 2}
  m_StaticBatchInfo:
    firstSubMesh: 0
    subMeshCount: 0
  m_StaticBatchRoot: {fileID: 0}
  m_ProbeAnchor: {fileID: 0}
  m_LightProbeVolumeOverride: {fileID: 0}
  m_ScaleInLightmap: 1
  m_ReceiveGI: 1
  m_PreserveUVs: 0
  m_IgnoreNormalsForChartDetection: 0
  m_ImportantGI: 0
  m_StitchLightmapSeams: 1
  m_SelectedEditorRenderState: 3
  m_MinimumChartSize: 4
  m_AutoUVMaxDistance: 0.5
  m_AutoUVMaxAngle: 89
  m_LightmapParameters: {fileID: 0}
  m_SortingLayerID: 0
  m_SortingLayer: 0
  m_SortingOrder: 0
--- !u!54 &1484299133784238018
Rigidbody:
  m_ObjectHideFlags: 0
  m_CorrespondingSourceObject: {fileID: 0}
  m_PrefabInstance: {fileID: 0}
  m_PrefabAsset: {fileID: 0}
  m_GameObject: {fileID: 7473907358434754249}
  serializedVersion: 2
  m_Mass: 1
  m_Drag: 0.25
  m_AngularDrag: 0.05
  m_UseGravity: 1
  m_IsKinematic: 0
  m_Interpolate: 0
  m_Constraints: 0
  m_CollisionDetection: 0
--- !u!65 &1484299133784238021
BoxCollider:
  m_ObjectHideFlags: 0
  m_CorrespondingSourceObject: {fileID: 0}
  m_PrefabInstance: {fileID: 0}
  m_PrefabAsset: {fileID: 0}
  m_GameObject: {fileID: 7473907358434754249}
  m_Material: {fileID: 13400000, guid: e002eabed7032044d9633a458761738b, type: 2}
  m_IsTrigger: 0
  m_Enabled: 1
  serializedVersion: 2
  m_Size: {x: 0.02, y: 0.02, z: 0.02}
  m_Center: {x: 0, y: 0, z: 0}
--- !u!114 &1484299133784238020
MonoBehaviour:
  m_ObjectHideFlags: 0
  m_CorrespondingSourceObject: {fileID: 0}
  m_PrefabInstance: {fileID: 0}
  m_PrefabAsset: {fileID: 0}
  m_GameObject: {fileID: 7473907358434754249}
  m_Enabled: 1
  m_EditorHideFlags: 0
  m_Script: {fileID: 11500000, guid: 607ef4e7f94032b478fc0582325ae3d1, type: 3}
  m_Name: 
  m_EditorClassIdentifier: 
  onClickDown:
    m_PersistentCalls:
      m_Calls: []
  onClickUp:
    m_PersistentCalls:
      m_Calls: []
  onSwipe:
    m_PersistentCalls:
      m_Calls: []
  onHoverEnter:
    m_PersistentCalls:
      m_Calls: []
  onHoverExit:
    m_PersistentCalls:
      m_Calls: []
  minimumSwipePixelVelocity: 10
--- !u!114 &1484299133784238023
MonoBehaviour:
  m_ObjectHideFlags: 0
  m_CorrespondingSourceObject: {fileID: 0}
  m_PrefabInstance: {fileID: 0}
  m_PrefabAsset: {fileID: 0}
  m_GameObject: {fileID: 7473907358434754249}
  m_Enabled: 1
  m_EditorHideFlags: 0
  m_Script: {fileID: 11500000, guid: 3f157154391f8d44e9fa4720fc4e47c5, type: 3}
  m_Name: 
  m_EditorClassIdentifier: 
  serializationData:
    SerializedFormat: 2
    SerializedBytes: 
    ReferencedUnityObjects:
    - {fileID: 11400000, guid: 9ccd7080c71bbab41a112cf4f5edc325, type: 2}
    - {fileID: 11400000, guid: 5f7d0d2fcf562eb4384331c5541a028e, type: 2}
    - {fileID: 11400000, guid: 0812a18a30fc15b49bbd26b4c716aa96, type: 2}
    SerializedBytesString: 
    Prefab: {fileID: 0}
    PrefabModificationsReferencedUnityObjects: []
    PrefabModifications: []
    SerializationNodes:
    - Name: effects
      Entry: 7
      Data: 0|System.Collections.Generic.Dictionary`2[[UnityEngine.Vector3, UnityEngine.CoreModule],[EffectBase,
        Assembly-CSharp]], mscorlib
    - Name: comparer
      Entry: 7
      Data: 1|System.Collections.Generic.GenericEqualityComparer`1[[UnityEngine.Vector3,
        UnityEngine.CoreModule]], mscorlib
    - Name: 
      Entry: 8
      Data: 
    - Name: 
      Entry: 12
      Data: 6
    - Name: 
      Entry: 7
      Data: 
    - Name: $k
      Entry: 7
      Data: UnityEngine.Vector3, UnityEngine.CoreModule
    - Name: 
      Entry: 4
      Data: 0
    - Name: 
      Entry: 4
      Data: 1
    - Name: 
      Entry: 4
      Data: 0
    - Name: 
      Entry: 8
      Data: 
    - Name: $v
      Entry: 10
      Data: 0
    - Name: 
      Entry: 8
      Data: 
    - Name: 
      Entry: 7
      Data: 
    - Name: $k
      Entry: 7
      Data: UnityEngine.Vector3, UnityEngine.CoreModule
    - Name: 
      Entry: 4
      Data: 1
    - Name: 
      Entry: 4
      Data: 0
    - Name: 
      Entry: 4
      Data: 0
    - Name: 
      Entry: 8
      Data: 
    - Name: $v
      Entry: 10
      Data: 0
    - Name: 
      Entry: 8
      Data: 
    - Name: 
      Entry: 7
      Data: 
    - Name: $k
      Entry: 7
      Data: UnityEngine.Vector3, UnityEngine.CoreModule
    - Name: 
      Entry: 4
      Data: -1
    - Name: 
      Entry: 4
      Data: 0
    - Name: 
      Entry: 4
      Data: 0
    - Name: 
      Entry: 8
      Data: 
    - Name: $v
      Entry: 10
      Data: 1
    - Name: 
      Entry: 8
      Data: 
    - Name: 
      Entry: 7
      Data: 
    - Name: $k
      Entry: 7
      Data: UnityEngine.Vector3, UnityEngine.CoreModule
    - Name: 
      Entry: 4
      Data: 0
    - Name: 
      Entry: 4
      Data: 0
    - Name: 
      Entry: 4
      Data: -1
    - Name: 
      Entry: 8
      Data: 
    - Name: $v
      Entry: 10
      Data: 1
    - Name: 
      Entry: 8
      Data: 
    - Name: 
      Entry: 7
      Data: 
    - Name: $k
      Entry: 7
      Data: UnityEngine.Vector3, UnityEngine.CoreModule
    - Name: 
      Entry: 4
      Data: 0
    - Name: 
      Entry: 4
      Data: 0
    - Name: 
      Entry: 4
      Data: 1
    - Name: 
      Entry: 8
      Data: 
    - Name: $v
      Entry: 10
      Data: 2
    - Name: 
      Entry: 8
      Data: 
    - Name: 
      Entry: 7
      Data: 
    - Name: $k
      Entry: 7
      Data: UnityEngine.Vector3, UnityEngine.CoreModule
    - Name: 
      Entry: 4
      Data: 0
    - Name: 
      Entry: 4
      Data: -1
    - Name: 
      Entry: 4
      Data: 0
    - Name: 
      Entry: 8
      Data: 
    - Name: $v
      Entry: 10
      Data: 0
    - Name: 
      Entry: 8
      Data: 
    - Name: 
      Entry: 13
      Data: 
    - Name: 
      Entry: 8
      Data: 
  onStoppedRolling:
    m_PersistentCalls:
      m_Calls: []
  onCollisionDetect:
    m_PersistentCalls:
      m_Calls:
      - m_Target: {fileID: 2309932790389807803}
        m_MethodName: Play
        m_Mode: 1
        m_Arguments:
          m_ObjectArgument: {fileID: 0}
          m_ObjectArgumentAssemblyTypeName: UnityEngine.Object, UnityEngine
          m_IntArgument: 0
          m_FloatArgument: 0
          m_StringArgument: 
          m_BoolArgument: 0
        m_CallState: 2
  destroyTweenTime: 1
--- !u!114 &2309932790389807803
MonoBehaviour:
  m_ObjectHideFlags: 0
  m_CorrespondingSourceObject: {fileID: 0}
  m_PrefabInstance: {fileID: 0}
  m_PrefabAsset: {fileID: 0}
  m_GameObject: {fileID: 7473907358434754249}
  m_Enabled: 1
  m_EditorHideFlags: 0
  m_Script: {fileID: 11500000, guid: 6214d9bea85c048448741528c759aa86, type: 3}
  m_Name: 
  m_EditorClassIdentifier: 
  audioObject: {fileID: 11400000, guid: 2ac2359a2219aee45a168aa098d3175c, type: 2}
  defaultChannel: -1
  masterVolume: 1
  overrideMasterVolume: 0
  masterVolumeOverride: 1
  playUpdateMode: 1
  overridePlayUpdateMode: 0
  playUpdateModeOverride: 1
  TargetToFollow: {fileID: 0}
  Mute: 0
  OverrideValues: 0
  overrideRandomVolumeMultiplier: 0
  randomVolumeMultiplier: 1
  overrideRandomPitchMultiplier: 0
  randomPitchMultiplier: 1
  overrideAudioClip: 0
  audioClipOverride: {fileID: 0}
  overrideVolume: 0
  volumeOverride: 1
  overridePitch: 0
  pitchOverride: 1
  overrideSpatialMode: 0
  spatialMode2DOverride: 0
  overrideStereoPan: 0
  stereoPanOverride: 0
  overrideSpread: 0
  spreadOverride: 0
  overrideDopplerLevel: 0
  dopplerLevelOverride: 0.25
  overrideReverbZone: 0
  reverbZoneMixOverride: 1
  overrideDistance: 0
  minDistanceOverride: 1
  maxDistanceOverride: 20
  overrideMixerGroup: 0
  mixerGroupOverride: {fileID: 0}
  occludeSound: 0
  overrideOccludeSound: 0
  occludeSoundOverride: 0
  delay: 0
  delayUpdateMode: 0
  overrideDelayUpdateMode: 0
  delayUpdateModeOverride: 0
  overrideVolumeRolloff: 0
  volumeRolloffOverride: 0
  volumeRolloffCurveOverride:
    serializedVersion: 2
    m_Curve:
    - serializedVersion: 3
      time: 0
      value: 0
      inSlope: 0
      outSlope: 0
      tangentMode: 0
      weightedMode: 0
      inWeight: 0
      outWeight: 0
    - serializedVersion: 3
      time: 1
      value: 1
      inSlope: 0
      outSlope: 0
      tangentMode: 0
      weightedMode: 0
      inWeight: 0
      outWeight: 0
    m_PreInfinity: 2
    m_PostInfinity: 2
    m_RotationOrder: 4
  overrideSpatialize: 0
  spatializeOverride: 0
  playOnStart: 0
  fadeInOnStart: 0
  fadeInOnStartTime: 1
  ignoreListenerPause: 0
  overrideIgnoreListenerPause: 0
  ignoreListenerPauseOverride: 0
  persistsBetweenScenes: 0
  paused: 0
  overridePaused: 0
  pausedOverride: 0
  StartDistance: 0
  outOfRange: 0
  scene:
    m_Handle: 0
  init: 0
  OnPlay:
    m_PersistentCalls:
      m_Calls: []
  OnStop:
    m_PersistentCalls:
      m_Calls: []
  OnRange:
    m_PersistentCalls:
      m_Calls: []
  OnOutOfRange:
    m_PersistentCalls:
      m_Calls: []
  OnLoop:
    m_PersistentCalls:
      m_Calls: []
  callbacksFold: 0
  usingLogRolloff: 0
--- !u!1001 &1666660132655745786
PrefabInstance:
  m_ObjectHideFlags: 0
  serializedVersion: 2
  m_Modification:
    m_TransformParent: {fileID: 2510820378681620137}
    m_Modifications:
    - target: {fileID: 472950601076076740, guid: bbdea17b7631ee8429fa039d2cbc5539,
        type: 3}
      propertyPath: m_LocalPosition.x
      value: 0
      objectReference: {fileID: 0}
    - target: {fileID: 472950601076076740, guid: bbdea17b7631ee8429fa039d2cbc5539,
        type: 3}
      propertyPath: m_LocalPosition.y
      value: 0
      objectReference: {fileID: 0}
    - target: {fileID: 472950601076076740, guid: bbdea17b7631ee8429fa039d2cbc5539,
        type: 3}
      propertyPath: m_LocalPosition.z
      value: 0
      objectReference: {fileID: 0}
    - target: {fileID: 472950601076076740, guid: bbdea17b7631ee8429fa039d2cbc5539,
        type: 3}
      propertyPath: m_LocalRotation.x
      value: -0.7071074
      objectReference: {fileID: 0}
    - target: {fileID: 472950601076076740, guid: bbdea17b7631ee8429fa039d2cbc5539,
        type: 3}
      propertyPath: m_LocalRotation.y
      value: -0.7071062
      objectReference: {fileID: 0}
    - target: {fileID: 472950601076076740, guid: bbdea17b7631ee8429fa039d2cbc5539,
        type: 3}
      propertyPath: m_LocalRotation.z
      value: 0.00000046193594
      objectReference: {fileID: 0}
    - target: {fileID: 472950601076076740, guid: bbdea17b7631ee8429fa039d2cbc5539,
        type: 3}
      propertyPath: m_LocalRotation.w
      value: -0.0000002865846
      objectReference: {fileID: 0}
    - target: {fileID: 472950601076076740, guid: bbdea17b7631ee8429fa039d2cbc5539,
        type: 3}
      propertyPath: m_RootOrder
      value: 2
      objectReference: {fileID: 0}
    - target: {fileID: 472950601076076740, guid: bbdea17b7631ee8429fa039d2cbc5539,
        type: 3}
      propertyPath: m_LocalEulerAnglesHint.x
      value: 180
      objectReference: {fileID: 0}
    - target: {fileID: 472950601076076740, guid: bbdea17b7631ee8429fa039d2cbc5539,
        type: 3}
      propertyPath: m_LocalEulerAnglesHint.y
      value: -360
      objectReference: {fileID: 0}
    - target: {fileID: 472950601076076740, guid: bbdea17b7631ee8429fa039d2cbc5539,
        type: 3}
      propertyPath: m_LocalEulerAnglesHint.z
      value: -90
      objectReference: {fileID: 0}
    - target: {fileID: 472950601076076740, guid: bbdea17b7631ee8429fa039d2cbc5539,
        type: 3}
      propertyPath: m_LocalScale.x
      value: 1
      objectReference: {fileID: 0}
    - target: {fileID: 472950601076076740, guid: bbdea17b7631ee8429fa039d2cbc5539,
        type: 3}
      propertyPath: m_LocalScale.y
      value: 1
      objectReference: {fileID: 0}
    - target: {fileID: 472950601076076740, guid: bbdea17b7631ee8429fa039d2cbc5539,
        type: 3}
      propertyPath: m_LocalScale.z
      value: 1
      objectReference: {fileID: 0}
    - target: {fileID: 2952054324734637579, guid: bbdea17b7631ee8429fa039d2cbc5539,
        type: 3}
      propertyPath: m_ReceiveShadows
      value: 0
      objectReference: {fileID: 0}
    - target: {fileID: 2952054324734637579, guid: bbdea17b7631ee8429fa039d2cbc5539,
        type: 3}
      propertyPath: m_CastShadows
      value: 0
      objectReference: {fileID: 0}
    - target: {fileID: 2952054324734637579, guid: bbdea17b7631ee8429fa039d2cbc5539,
        type: 3}
      propertyPath: m_Materials.Array.data[1]
      value: 
      objectReference: {fileID: 2100000, guid: 31e3f4d798984a44da088a920a13078e, type: 2}
    - target: {fileID: 3515934480754049751, guid: bbdea17b7631ee8429fa039d2cbc5539,
        type: 3}
      propertyPath: m_Name
      value: Bonus02_Plus (5)
      objectReference: {fileID: 0}
    - target: {fileID: 8920299008765545202, guid: bbdea17b7631ee8429fa039d2cbc5539,
        type: 3}
      propertyPath: m_Mesh
      value: 
      objectReference: {fileID: 3163171260390484736, guid: acc2aed346ffda645939b93d6788f75a,
        type: 3}
    m_RemovedComponents: []
  m_SourcePrefab: {fileID: 100100000, guid: bbdea17b7631ee8429fa039d2cbc5539, type: 3}
--- !u!1001 &3009192090796288914
PrefabInstance:
  m_ObjectHideFlags: 0
  serializedVersion: 2
  m_Modification:
    m_TransformParent: {fileID: 2510820378681620137}
    m_Modifications:
    - target: {fileID: 472950601076076740, guid: bbdea17b7631ee8429fa039d2cbc5539,
        type: 3}
      propertyPath: m_LocalPosition.x
      value: 0
      objectReference: {fileID: 0}
    - target: {fileID: 472950601076076740, guid: bbdea17b7631ee8429fa039d2cbc5539,
        type: 3}
      propertyPath: m_LocalPosition.y
      value: 0
      objectReference: {fileID: 0}
    - target: {fileID: 472950601076076740, guid: bbdea17b7631ee8429fa039d2cbc5539,
        type: 3}
      propertyPath: m_LocalPosition.z
      value: 0
      objectReference: {fileID: 0}
    - target: {fileID: 472950601076076740, guid: bbdea17b7631ee8429fa039d2cbc5539,
        type: 3}
      propertyPath: m_LocalRotation.x
      value: -0.50000095
      objectReference: {fileID: 0}
    - target: {fileID: 472950601076076740, guid: bbdea17b7631ee8429fa039d2cbc5539,
        type: 3}
      propertyPath: m_LocalRotation.y
      value: -0.5000001
      objectReference: {fileID: 0}
    - target: {fileID: 472950601076076740, guid: bbdea17b7631ee8429fa039d2cbc5539,
        type: 3}
      propertyPath: m_LocalRotation.z
      value: -0.4999999
      objectReference: {fileID: 0}
    - target: {fileID: 472950601076076740, guid: bbdea17b7631ee8429fa039d2cbc5539,
        type: 3}
      propertyPath: m_LocalRotation.w
      value: 0.49999917
      objectReference: {fileID: 0}
    - target: {fileID: 472950601076076740, guid: bbdea17b7631ee8429fa039d2cbc5539,
        type: 3}
      propertyPath: m_RootOrder
      value: 4
      objectReference: {fileID: 0}
    - target: {fileID: 472950601076076740, guid: bbdea17b7631ee8429fa039d2cbc5539,
        type: 3}
      propertyPath: m_LocalEulerAnglesHint.x
      value: 270
      objectReference: {fileID: 0}
    - target: {fileID: 472950601076076740, guid: bbdea17b7631ee8429fa039d2cbc5539,
        type: 3}
      propertyPath: m_LocalEulerAnglesHint.y
      value: -360
      objectReference: {fileID: 0}
    - target: {fileID: 472950601076076740, guid: bbdea17b7631ee8429fa039d2cbc5539,
        type: 3}
      propertyPath: m_LocalEulerAnglesHint.z
      value: -90.00001
      objectReference: {fileID: 0}
    - target: {fileID: 472950601076076740, guid: bbdea17b7631ee8429fa039d2cbc5539,
        type: 3}
      propertyPath: m_LocalScale.x
      value: 1
      objectReference: {fileID: 0}
    - target: {fileID: 472950601076076740, guid: bbdea17b7631ee8429fa039d2cbc5539,
        type: 3}
      propertyPath: m_LocalScale.y
      value: 1
      objectReference: {fileID: 0}
    - target: {fileID: 472950601076076740, guid: bbdea17b7631ee8429fa039d2cbc5539,
        type: 3}
      propertyPath: m_LocalScale.z
      value: 1
      objectReference: {fileID: 0}
    - target: {fileID: 2952054324734637579, guid: bbdea17b7631ee8429fa039d2cbc5539,
        type: 3}
      propertyPath: m_ReceiveShadows
      value: 0
      objectReference: {fileID: 0}
    - target: {fileID: 2952054324734637579, guid: bbdea17b7631ee8429fa039d2cbc5539,
        type: 3}
      propertyPath: m_CastShadows
      value: 0
      objectReference: {fileID: 0}
    - target: {fileID: 3515934480754049751, guid: bbdea17b7631ee8429fa039d2cbc5539,
        type: 3}
      propertyPath: m_Name
      value: Bonus02_Plus (4)
      objectReference: {fileID: 0}
    - target: {fileID: 8920299008765545202, guid: bbdea17b7631ee8429fa039d2cbc5539,
        type: 3}
      propertyPath: m_Mesh
      value: 
      objectReference: {fileID: 6255687079079774844, guid: c8f608fec037cc14ba0658a77d8e8c03,
        type: 3}
    m_RemovedComponents: []
  m_SourcePrefab: {fileID: 100100000, guid: bbdea17b7631ee8429fa039d2cbc5539, type: 3}
--- !u!1001 &5419358965723882131
PrefabInstance:
  m_ObjectHideFlags: 0
  serializedVersion: 2
  m_Modification:
    m_TransformParent: {fileID: 2510820378681620137}
    m_Modifications:
    - target: {fileID: 472950601076076740, guid: bbdea17b7631ee8429fa039d2cbc5539,
        type: 3}
      propertyPath: m_LocalPosition.x
      value: 0
      objectReference: {fileID: 0}
    - target: {fileID: 472950601076076740, guid: bbdea17b7631ee8429fa039d2cbc5539,
        type: 3}
      propertyPath: m_LocalPosition.y
      value: 0
      objectReference: {fileID: 0}
    - target: {fileID: 472950601076076740, guid: bbdea17b7631ee8429fa039d2cbc5539,
        type: 3}
      propertyPath: m_LocalPosition.z
      value: 0
      objectReference: {fileID: 0}
    - target: {fileID: 472950601076076740, guid: bbdea17b7631ee8429fa039d2cbc5539,
        type: 3}
      propertyPath: m_LocalRotation.x
      value: -0.49999943
      objectReference: {fileID: 0}
    - target: {fileID: 472950601076076740, guid: bbdea17b7631ee8429fa039d2cbc5539,
        type: 3}
      propertyPath: m_LocalRotation.y
      value: 0.49999955
      objectReference: {fileID: 0}
    - target: {fileID: 472950601076076740, guid: bbdea17b7631ee8429fa039d2cbc5539,
        type: 3}
      propertyPath: m_LocalRotation.z
      value: -0.50000036
      objectReference: {fileID: 0}
    - target: {fileID: 472950601076076740, guid: bbdea17b7631ee8429fa039d2cbc5539,
        type: 3}
      propertyPath: m_LocalRotation.w
      value: -0.50000066
      objectReference: {fileID: 0}
    - target: {fileID: 472950601076076740, guid: bbdea17b7631ee8429fa039d2cbc5539,
        type: 3}
      propertyPath: m_RootOrder
      value: 1
      objectReference: {fileID: 0}
    - target: {fileID: 472950601076076740, guid: bbdea17b7631ee8429fa039d2cbc5539,
        type: 3}
      propertyPath: m_LocalEulerAnglesHint.x
      value: 450
      objectReference: {fileID: 0}
    - target: {fileID: 472950601076076740, guid: bbdea17b7631ee8429fa039d2cbc5539,
        type: 3}
      propertyPath: m_LocalEulerAnglesHint.y
      value: -180
      objectReference: {fileID: 0}
    - target: {fileID: 472950601076076740, guid: bbdea17b7631ee8429fa039d2cbc5539,
        type: 3}
      propertyPath: m_LocalEulerAnglesHint.z
      value: -90
      objectReference: {fileID: 0}
    - target: {fileID: 472950601076076740, guid: bbdea17b7631ee8429fa039d2cbc5539,
        type: 3}
      propertyPath: m_LocalScale.x
      value: 1
      objectReference: {fileID: 0}
    - target: {fileID: 472950601076076740, guid: bbdea17b7631ee8429fa039d2cbc5539,
        type: 3}
      propertyPath: m_LocalScale.y
      value: 1
      objectReference: {fileID: 0}
    - target: {fileID: 472950601076076740, guid: bbdea17b7631ee8429fa039d2cbc5539,
        type: 3}
      propertyPath: m_LocalScale.z
      value: 1
      objectReference: {fileID: 0}
    - target: {fileID: 2952054324734637579, guid: bbdea17b7631ee8429fa039d2cbc5539,
        type: 3}
      propertyPath: m_ReceiveShadows
      value: 0
      objectReference: {fileID: 0}
    - target: {fileID: 2952054324734637579, guid: bbdea17b7631ee8429fa039d2cbc5539,
        type: 3}
      propertyPath: m_CastShadows
      value: 0
      objectReference: {fileID: 0}
    - target: {fileID: 3515934480754049751, guid: bbdea17b7631ee8429fa039d2cbc5539,
        type: 3}
      propertyPath: m_Name
      value: Bonus02_Plus (2)
      objectReference: {fileID: 0}
    - target: {fileID: 8920299008765545202, guid: bbdea17b7631ee8429fa039d2cbc5539,
        type: 3}
      propertyPath: m_Mesh
      value: 
      objectReference: {fileID: 6255687079079774844, guid: c8f608fec037cc14ba0658a77d8e8c03,
        type: 3}
    m_RemovedComponents: []
  m_SourcePrefab: {fileID: 100100000, guid: bbdea17b7631ee8429fa039d2cbc5539, type: 3}
--- !u!1001 &5755372062116924791
PrefabInstance:
  m_ObjectHideFlags: 0
  serializedVersion: 2
  m_Modification:
    m_TransformParent: {fileID: 2510820378681620137}
    m_Modifications:
    - target: {fileID: 472950601076076740, guid: bbdea17b7631ee8429fa039d2cbc5539,
        type: 3}
      propertyPath: m_LocalPosition.x
      value: 0
      objectReference: {fileID: 0}
    - target: {fileID: 472950601076076740, guid: bbdea17b7631ee8429fa039d2cbc5539,
        type: 3}
      propertyPath: m_LocalPosition.y
      value: 0
      objectReference: {fileID: 0}
    - target: {fileID: 472950601076076740, guid: bbdea17b7631ee8429fa039d2cbc5539,
        type: 3}
      propertyPath: m_LocalPosition.z
      value: 0
      objectReference: {fileID: 0}
    - target: {fileID: 472950601076076740, guid: bbdea17b7631ee8429fa039d2cbc5539,
        type: 3}
      propertyPath: m_LocalRotation.x
      value: 0.00000015646219
      objectReference: {fileID: 0}
    - target: {fileID: 472950601076076740, guid: bbdea17b7631ee8429fa039d2cbc5539,
        type: 3}
      propertyPath: m_LocalRotation.y
      value: -0.000000025241476
      objectReference: {fileID: 0}
    - target: {fileID: 472950601076076740, guid: bbdea17b7631ee8429fa039d2cbc5539,
        type: 3}
      propertyPath: m_LocalRotation.z
      value: 0.7071074
      objectReference: {fileID: 0}
    - target: {fileID: 472950601076076740, guid: bbdea17b7631ee8429fa039d2cbc5539,
        type: 3}
      propertyPath: m_LocalRotation.w
      value: -0.70710623
      objectReference: {fileID: 0}
    - target: {fileID: 472950601076076740, guid: bbdea17b7631ee8429fa039d2cbc5539,
        type: 3}
      propertyPath: m_RootOrder
      value: 3
      objectReference: {fileID: 0}
    - target: {fileID: 472950601076076740, guid: bbdea17b7631ee8429fa039d2cbc5539,
        type: 3}
      propertyPath: m_LocalEulerAnglesHint.x
      value: 0
      objectReference: {fileID: 0}
    - target: {fileID: 472950601076076740, guid: bbdea17b7631ee8429fa039d2cbc5539,
        type: 3}
      propertyPath: m_LocalEulerAnglesHint.y
      value: -360
      objectReference: {fileID: 0}
    - target: {fileID: 472950601076076740, guid: bbdea17b7631ee8429fa039d2cbc5539,
        type: 3}
      propertyPath: m_LocalEulerAnglesHint.z
      value: -90.00001
      objectReference: {fileID: 0}
    - target: {fileID: 472950601076076740, guid: bbdea17b7631ee8429fa039d2cbc5539,
        type: 3}
      propertyPath: m_LocalScale.x
      value: 1
      objectReference: {fileID: 0}
    - target: {fileID: 472950601076076740, guid: bbdea17b7631ee8429fa039d2cbc5539,
        type: 3}
      propertyPath: m_LocalScale.y
      value: 1
      objectReference: {fileID: 0}
    - target: {fileID: 472950601076076740, guid: bbdea17b7631ee8429fa039d2cbc5539,
        type: 3}
      propertyPath: m_LocalScale.z
      value: 1
      objectReference: {fileID: 0}
    - target: {fileID: 2952054324734637579, guid: bbdea17b7631ee8429fa039d2cbc5539,
        type: 3}
      propertyPath: m_ReceiveShadows
      value: 0
      objectReference: {fileID: 0}
    - target: {fileID: 2952054324734637579, guid: bbdea17b7631ee8429fa039d2cbc5539,
        type: 3}
      propertyPath: m_CastShadows
      value: 0
      objectReference: {fileID: 0}
    - target: {fileID: 2952054324734637579, guid: bbdea17b7631ee8429fa039d2cbc5539,
        type: 3}
      propertyPath: m_Materials.Array.data[1]
      value: 
      objectReference: {fileID: 2100000, guid: 820f9351194c21a4e9bf386aca4cae2d, type: 2}
    - target: {fileID: 3515934480754049751, guid: bbdea17b7631ee8429fa039d2cbc5539,
        type: 3}
      propertyPath: m_Name
      value: Bonus02_Plus (6)
      objectReference: {fileID: 0}
    - target: {fileID: 8920299008765545202, guid: bbdea17b7631ee8429fa039d2cbc5539,
        type: 3}
      propertyPath: m_Mesh
      value: 
      objectReference: {fileID: 6255687079079774844, guid: c8f608fec037cc14ba0658a77d8e8c03,
        type: 3}
    m_RemovedComponents: []
  m_SourcePrefab: {fileID: 100100000, guid: bbdea17b7631ee8429fa039d2cbc5539, type: 3}
--- !u!1001 &6169498183854811999
PrefabInstance:
  m_ObjectHideFlags: 0
  serializedVersion: 2
  m_Modification:
    m_TransformParent: {fileID: 2510820378681620137}
    m_Modifications:
    - target: {fileID: 472950601076076740, guid: bbdea17b7631ee8429fa039d2cbc5539,
        type: 3}
      propertyPath: m_LocalPosition.x
      value: 0
      objectReference: {fileID: 0}
    - target: {fileID: 472950601076076740, guid: bbdea17b7631ee8429fa039d2cbc5539,
        type: 3}
      propertyPath: m_LocalPosition.y
      value: 0
      objectReference: {fileID: 0}
    - target: {fileID: 472950601076076740, guid: bbdea17b7631ee8429fa039d2cbc5539,
        type: 3}
      propertyPath: m_LocalPosition.z
      value: 0
      objectReference: {fileID: 0}
    - target: {fileID: 472950601076076740, guid: bbdea17b7631ee8429fa039d2cbc5539,
        type: 3}
      propertyPath: m_LocalRotation.x
      value: 0.0000007354809
      objectReference: {fileID: 0}
    - target: {fileID: 472950601076076740, guid: bbdea17b7631ee8429fa039d2cbc5539,
        type: 3}
      propertyPath: m_LocalRotation.y
      value: 0.7071067
      objectReference: {fileID: 0}
    - target: {fileID: 472950601076076740, guid: bbdea17b7631ee8429fa039d2cbc5539,
        type: 3}
      propertyPath: m_LocalRotation.z
      value: -0.00000055666703
      objectReference: {fileID: 0}
    - target: {fileID: 472950601076076740, guid: bbdea17b7631ee8429fa039d2cbc5539,
        type: 3}
      propertyPath: m_LocalRotation.w
      value: -0.70710695
      objectReference: {fileID: 0}
    - target: {fileID: 472950601076076740, guid: bbdea17b7631ee8429fa039d2cbc5539,
        type: 3}
      propertyPath: m_RootOrder
      value: 0
      objectReference: {fileID: 0}
    - target: {fileID: 472950601076076740, guid: bbdea17b7631ee8429fa039d2cbc5539,
        type: 3}
      propertyPath: m_LocalEulerAnglesHint.x
      value: 360
      objectReference: {fileID: 0}
    - target: {fileID: 472950601076076740, guid: bbdea17b7631ee8429fa039d2cbc5539,
        type: 3}
      propertyPath: m_LocalEulerAnglesHint.y
      value: -90.00001
      objectReference: {fileID: 0}
    - target: {fileID: 472950601076076740, guid: bbdea17b7631ee8429fa039d2cbc5539,
        type: 3}
      propertyPath: m_LocalEulerAnglesHint.z
      value: 0
      objectReference: {fileID: 0}
    - target: {fileID: 472950601076076740, guid: bbdea17b7631ee8429fa039d2cbc5539,
        type: 3}
      propertyPath: m_LocalScale.x
      value: 1
      objectReference: {fileID: 0}
    - target: {fileID: 472950601076076740, guid: bbdea17b7631ee8429fa039d2cbc5539,
        type: 3}
      propertyPath: m_LocalScale.y
      value: 1
      objectReference: {fileID: 0}
    - target: {fileID: 472950601076076740, guid: bbdea17b7631ee8429fa039d2cbc5539,
        type: 3}
      propertyPath: m_LocalScale.z
      value: 1
      objectReference: {fileID: 0}
    - target: {fileID: 2952054324734637579, guid: bbdea17b7631ee8429fa039d2cbc5539,
        type: 3}
      propertyPath: m_ReceiveShadows
      value: 0
      objectReference: {fileID: 0}
    - target: {fileID: 2952054324734637579, guid: bbdea17b7631ee8429fa039d2cbc5539,
        type: 3}
      propertyPath: m_CastShadows
      value: 0
      objectReference: {fileID: 0}
    - target: {fileID: 2952054324734637579, guid: bbdea17b7631ee8429fa039d2cbc5539,
        type: 3}
      propertyPath: m_Materials.Array.data[1]
      value: 
      objectReference: {fileID: 2100000, guid: 820f9351194c21a4e9bf386aca4cae2d, type: 2}
    - target: {fileID: 3515934480754049751, guid: bbdea17b7631ee8429fa039d2cbc5539,
        type: 3}
      propertyPath: m_Name
      value: Bonus02_Plus (1)
      objectReference: {fileID: 0}
    - target: {fileID: 8920299008765545202, guid: bbdea17b7631ee8429fa039d2cbc5539,
        type: 3}
      propertyPath: m_Mesh
      value: 
      objectReference: {fileID: 3163171260390484736, guid: acc2aed346ffda645939b93d6788f75a,
        type: 3}
    m_RemovedComponents: []
  m_SourcePrefab: {fileID: 100100000, guid: bbdea17b7631ee8429fa039d2cbc5539, type: 3}
--- !u!1001 &6792846649411012605
PrefabInstance:
  m_ObjectHideFlags: 0
  serializedVersion: 2
  m_Modification:
    m_TransformParent: {fileID: 5900840295879707866}
    m_Modifications:
    - target: {fileID: 5388110576829285191, guid: ebd795dd3cc746840b0eeb9f8d45273b,
        type: 3}
      propertyPath: m_Name
      value: Dice
      objectReference: {fileID: 0}
    - target: {fileID: 5979298202598078363, guid: ebd795dd3cc746840b0eeb9f8d45273b,
        type: 3}
      propertyPath: m_ReceiveShadows
      value: 0
      objectReference: {fileID: 0}
    - target: {fileID: 5979298202598078363, guid: ebd795dd3cc746840b0eeb9f8d45273b,
        type: 3}
      propertyPath: m_CastShadows
      value: 0
      objectReference: {fileID: 0}
    - target: {fileID: 5979298202598078363, guid: ebd795dd3cc746840b0eeb9f8d45273b,
        type: 3}
      propertyPath: m_Materials.Array.data[0]
      value: 
      objectReference: {fileID: 2100000, guid: c01cb5869cd4bc7499a5413b43cdaa84, type: 2}
    - target: {fileID: 8979390257434308948, guid: ebd795dd3cc746840b0eeb9f8d45273b,
        type: 3}
      propertyPath: m_LocalPosition.x
      value: 0
      objectReference: {fileID: 0}
    - target: {fileID: 8979390257434308948, guid: ebd795dd3cc746840b0eeb9f8d45273b,
        type: 3}
      propertyPath: m_LocalPosition.y
      value: 0
      objectReference: {fileID: 0}
    - target: {fileID: 8979390257434308948, guid: ebd795dd3cc746840b0eeb9f8d45273b,
        type: 3}
      propertyPath: m_LocalPosition.z
      value: 0
      objectReference: {fileID: 0}
    - target: {fileID: 8979390257434308948, guid: ebd795dd3cc746840b0eeb9f8d45273b,
        type: 3}
      propertyPath: m_LocalRotation.x
      value: 0
      objectReference: {fileID: 0}
    - target: {fileID: 8979390257434308948, guid: ebd795dd3cc746840b0eeb9f8d45273b,
        type: 3}
      propertyPath: m_LocalRotation.y
      value: 0
      objectReference: {fileID: 0}
    - target: {fileID: 8979390257434308948, guid: ebd795dd3cc746840b0eeb9f8d45273b,
        type: 3}
      propertyPath: m_LocalRotation.z
      value: 0
      objectReference: {fileID: 0}
    - target: {fileID: 8979390257434308948, guid: ebd795dd3cc746840b0eeb9f8d45273b,
        type: 3}
      propertyPath: m_LocalRotation.w
      value: 1
      objectReference: {fileID: 0}
    - target: {fileID: 8979390257434308948, guid: ebd795dd3cc746840b0eeb9f8d45273b,
        type: 3}
      propertyPath: m_RootOrder
      value: 0
      objectReference: {fileID: 0}
    - target: {fileID: 8979390257434308948, guid: ebd795dd3cc746840b0eeb9f8d45273b,
        type: 3}
      propertyPath: m_LocalEulerAnglesHint.x
      value: 0
      objectReference: {fileID: 0}
    - target: {fileID: 8979390257434308948, guid: ebd795dd3cc746840b0eeb9f8d45273b,
        type: 3}
      propertyPath: m_LocalEulerAnglesHint.y
      value: 0
      objectReference: {fileID: 0}
    - target: {fileID: 8979390257434308948, guid: ebd795dd3cc746840b0eeb9f8d45273b,
        type: 3}
      propertyPath: m_LocalEulerAnglesHint.z
      value: 0
      objectReference: {fileID: 0}
    - target: {fileID: 8979390257434308948, guid: ebd795dd3cc746840b0eeb9f8d45273b,
        type: 3}
      propertyPath: m_LocalScale.x
      value: 1
      objectReference: {fileID: 0}
    - target: {fileID: 8979390257434308948, guid: ebd795dd3cc746840b0eeb9f8d45273b,
        type: 3}
      propertyPath: m_LocalScale.y
      value: 1
      objectReference: {fileID: 0}
    - target: {fileID: 8979390257434308948, guid: ebd795dd3cc746840b0eeb9f8d45273b,
        type: 3}
      propertyPath: m_LocalScale.z
      value: 1
      objectReference: {fileID: 0}
    m_RemovedComponents: []
  m_SourcePrefab: {fileID: 100100000, guid: ebd795dd3cc746840b0eeb9f8d45273b, type: 3}
--- !u!4 &2510820378681620137 stripped
Transform:
  m_CorrespondingSourceObject: {fileID: 8979390257434308948, guid: ebd795dd3cc746840b0eeb9f8d45273b,
    type: 3}
  m_PrefabInstance: {fileID: 6792846649411012605}
  m_PrefabAsset: {fileID: 0}
--- !u!1001 &7675172596453071973
PrefabInstance:
  m_ObjectHideFlags: 0
  serializedVersion: 2
  m_Modification:
    m_TransformParent: {fileID: 2510820378681620137}
    m_Modifications:
    - target: {fileID: 472950601076076740, guid: bbdea17b7631ee8429fa039d2cbc5539,
        type: 3}
      propertyPath: m_LocalPosition.x
      value: 0
      objectReference: {fileID: 0}
    - target: {fileID: 472950601076076740, guid: bbdea17b7631ee8429fa039d2cbc5539,
        type: 3}
      propertyPath: m_LocalPosition.y
      value: 0
      objectReference: {fileID: 0}
    - target: {fileID: 472950601076076740, guid: bbdea17b7631ee8429fa039d2cbc5539,
        type: 3}
      propertyPath: m_LocalPosition.z
      value: 0
      objectReference: {fileID: 0}
    - target: {fileID: 472950601076076740, guid: bbdea17b7631ee8429fa039d2cbc5539,
        type: 3}
      propertyPath: m_LocalRotation.x
      value: -0.7071069
      objectReference: {fileID: 0}
    - target: {fileID: 472950601076076740, guid: bbdea17b7631ee8429fa039d2cbc5539,
        type: 3}
      propertyPath: m_LocalRotation.y
      value: -0.0000005379268
      objectReference: {fileID: 0}
    - target: {fileID: 472950601076076740, guid: bbdea17b7631ee8429fa039d2cbc5539,
        type: 3}
      propertyPath: m_LocalRotation.z
      value: -0.70710677
      objectReference: {fileID: 0}
    - target: {fileID: 472950601076076740, guid: bbdea17b7631ee8429fa039d2cbc5539,
        type: 3}
      propertyPath: m_LocalRotation.w
      value: -0.0000008732032
      objectReference: {fileID: 0}
    - target: {fileID: 472950601076076740, guid: bbdea17b7631ee8429fa039d2cbc5539,
        type: 3}
      propertyPath: m_RootOrder
      value: 5
      objectReference: {fileID: 0}
    - target: {fileID: 472950601076076740, guid: bbdea17b7631ee8429fa039d2cbc5539,
        type: 3}
      propertyPath: m_LocalEulerAnglesHint.x
      value: 360
      objectReference: {fileID: 0}
    - target: {fileID: 472950601076076740, guid: bbdea17b7631ee8429fa039d2cbc5539,
        type: 3}
      propertyPath: m_LocalEulerAnglesHint.y
      value: -270
      objectReference: {fileID: 0}
    - target: {fileID: 472950601076076740, guid: bbdea17b7631ee8429fa039d2cbc5539,
        type: 3}
      propertyPath: m_LocalEulerAnglesHint.z
      value: -179.99998
      objectReference: {fileID: 0}
    - target: {fileID: 472950601076076740, guid: bbdea17b7631ee8429fa039d2cbc5539,
        type: 3}
      propertyPath: m_LocalScale.x
      value: 1
      objectReference: {fileID: 0}
    - target: {fileID: 472950601076076740, guid: bbdea17b7631ee8429fa039d2cbc5539,
        type: 3}
      propertyPath: m_LocalScale.y
      value: 1
      objectReference: {fileID: 0}
    - target: {fileID: 472950601076076740, guid: bbdea17b7631ee8429fa039d2cbc5539,
        type: 3}
      propertyPath: m_LocalScale.z
      value: 1
      objectReference: {fileID: 0}
    - target: {fileID: 2952054324734637579, guid: bbdea17b7631ee8429fa039d2cbc5539,
        type: 3}
      propertyPath: m_ReceiveShadows
      value: 0
      objectReference: {fileID: 0}
    - target: {fileID: 2952054324734637579, guid: bbdea17b7631ee8429fa039d2cbc5539,
        type: 3}
      propertyPath: m_CastShadows
      value: 0
      objectReference: {fileID: 0}
    - target: {fileID: 2952054324734637579, guid: bbdea17b7631ee8429fa039d2cbc5539,
        type: 3}
      propertyPath: m_Materials.Array.data[1]
      value: 
      objectReference: {fileID: 2100000, guid: 820f9351194c21a4e9bf386aca4cae2d, type: 2}
    - target: {fileID: 3515934480754049751, guid: bbdea17b7631ee8429fa039d2cbc5539,
        type: 3}
      propertyPath: m_Name
      value: Bonus02_Plus (3)
      objectReference: {fileID: 0}
    - target: {fileID: 8920299008765545202, guid: bbdea17b7631ee8429fa039d2cbc5539,
        type: 3}
      propertyPath: m_Mesh
      value: 
      objectReference: {fileID: 6255687079079774844, guid: c8f608fec037cc14ba0658a77d8e8c03,
        type: 3}
    m_RemovedComponents: []
  m_SourcePrefab: {fileID: 100100000, guid: bbdea17b7631ee8429fa039d2cbc5539, type: 3}
