%YAML 1.1
%TAG !u! tag:unity3d.com,2011:
--- !u!1 &5086768050986383097
GameObject:
  m_ObjectHideFlags: 0
  m_CorrespondingSourceObject: {fileID: 0}
  m_PrefabInstance: {fileID: 0}
  m_PrefabAsset: {fileID: 0}
  serializedVersion: 6
  m_Component:
  - component: {fileID: 3273654606146157418}
  - component: {fileID: 8422546062004861919}
  - component: {fileID: 956980201583310917}
  m_Layer: 5
  m_Name: UILaunch
  m_TagString: Untagged
  m_Icon: {fileID: 0}
  m_NavMeshLayer: 0
  m_StaticEditorFlags: 0
  m_IsActive: 1
--- !u!224 &3273654606146157418
RectTransform:
  m_ObjectHideFlags: 0
  m_CorrespondingSourceObject: {fileID: 0}
  m_PrefabInstance: {fileID: 0}
  m_PrefabAsset: {fileID: 0}
  m_GameObject: {fileID: 5086768050986383097}
  m_LocalRotation: {x: -0, y: -0, z: -0, w: 1}
  m_LocalPosition: {x: 0, y: 0, z: 9}
  m_LocalScale: {x: 0.637587, y: 0.637587, z: 0.637587}
  m_Children: []
  m_Father: {fileID: 5841260908108754320}
  m_RootOrder: 0
  m_LocalEulerAnglesHint: {x: 0, y: 0, z: 0}
  m_AnchorMin: {x: 0, y: 0}
  m_AnchorMax: {x: 1, y: 1}
  m_AnchoredPosition: {x: -3, y: 55}
  m_SizeDelta: {x: 400, y: 400}
  m_Pivot: {x: 0.5, y: 0.5}
--- !u!222 &8422546062004861919
CanvasRenderer:
  m_ObjectHideFlags: 0
  m_CorrespondingSourceObject: {fileID: 0}
  m_PrefabInstance: {fileID: 0}
  m_PrefabAsset: {fileID: 0}
  m_GameObject: {fileID: 5086768050986383097}
  m_CullTransparentMesh: 0
--- !u!114 &956980201583310917
MonoBehaviour:
  m_ObjectHideFlags: 0
  m_CorrespondingSourceObject: {fileID: 0}
  m_PrefabInstance: {fileID: 0}
  m_PrefabAsset: {fileID: 0}
  m_GameObject: {fileID: 5086768050986383097}
  m_Enabled: 1
  m_EditorHideFlags: 0
  m_Script: {fileID: 11500000, guid: fe87c0e1cc204ed48ad3b37840f39efc, type: 3}
  m_Name: 
  m_EditorClassIdentifier: 
  m_Material: {fileID: 2100000, guid: a3d2dc3b3b535b7438359a67be8fe3d4, type: 2}
  m_Color: {r: 1, g: 1, b: 1, a: 0.6862745}
  m_RaycastTarget: 0
  m_OnCullStateChanged:
    m_PersistentCalls:
      m_Calls: []
  m_Sprite: {fileID: 21300000, guid: 1b1cad22850b66f4bbb8350773771da9, type: 3}
  m_Type: 0
  m_PreserveAspect: 0
  m_FillCenter: 1
  m_FillMethod: 4
  m_FillAmount: 0.48311052
  m_FillClockwise: 0
  m_FillOrigin: 2
  m_UseSpriteMesh: 0
  m_PixelsPerUnitMultiplier: 1
--- !u!1 &5841260908108754325
GameObject:
  m_ObjectHideFlags: 0
  m_CorrespondingSourceObject: {fileID: 0}
  m_PrefabInstance: {fileID: 0}
  m_PrefabAsset: {fileID: 0}
  serializedVersion: 6
  m_Component:
  - component: {fileID: 5841260908108754320}
  - component: {fileID: 5841260908108754327}
  - component: {fileID: 5841260908108754326}
  - component: {fileID: 4961611271226570048}
  m_Layer: 0
  m_Name: ProtoDiceGenerator
  m_TagString: Untagged
  m_Icon: {fileID: 0}
  m_NavMeshLayer: 0
  m_StaticEditorFlags: 0
  m_IsActive: 1
--- !u!224 &5841260908108754320
RectTransform:
  m_ObjectHideFlags: 0
  m_CorrespondingSourceObject: {fileID: 0}
  m_PrefabInstance: {fileID: 0}
  m_PrefabAsset: {fileID: 0}
  m_GameObject: {fileID: 5841260908108754325}
  m_LocalRotation: {x: 0, y: 0, z: 0, w: 1}
  m_LocalPosition: {x: 0, y: 0, z: 0}
  m_LocalScale: {x: 1, y: 1, z: 1}
  m_Children:
  - {fileID: 3273654606146157418}
  m_Father: {fileID: 0}
  m_RootOrder: 0
  m_LocalEulerAnglesHint: {x: 0, y: 0, z: 0}
  m_AnchorMin: {x: 0.5, y: 0.5}
  m_AnchorMax: {x: 0.5, y: 0.5}
  m_AnchoredPosition: {x: 0, y: 0}
  m_SizeDelta: {x: 100, y: 100}
  m_Pivot: {x: 0.5, y: 0.5}
--- !u!114 &5841260908108754327
MonoBehaviour:
  m_ObjectHideFlags: 0
  m_CorrespondingSourceObject: {fileID: 0}
  m_PrefabInstance: {fileID: 0}
  m_PrefabAsset: {fileID: 0}
  m_GameObject: {fileID: 5841260908108754325}
  m_Enabled: 1
  m_EditorHideFlags: 0
  m_Script: {fileID: 11500000, guid: 607ef4e7f94032b478fc0582325ae3d1, type: 3}
  m_Name: 
  m_EditorClassIdentifier: 
  onClickDown:
    m_PersistentCalls:
      m_Calls: []
  onClickUp:
    m_PersistentCalls:
      m_Calls: []
  onSwipe:
    m_PersistentCalls:
      m_Calls: []
  onHoverEnter:
    m_PersistentCalls:
      m_Calls:
      - m_Target: {fileID: 4961611271226570048}
        m_MethodName: HoverActivate
        m_Mode: 1
        m_Arguments:
          m_ObjectArgument: {fileID: 0}
          m_ObjectArgumentAssemblyTypeName: UnityEngine.Object, UnityEngine
          m_IntArgument: 0
          m_FloatArgument: 0
          m_StringArgument: 
          m_BoolArgument: 0
        m_CallState: 2
  onHoverExit:
    m_PersistentCalls:
      m_Calls:
      - m_Target: {fileID: 4961611271226570048}
        m_MethodName: HoverDeactivate
        m_Mode: 1
        m_Arguments:
          m_ObjectArgument: {fileID: 0}
          m_ObjectArgumentAssemblyTypeName: UnityEngine.Object, UnityEngine
          m_IntArgument: 0
          m_FloatArgument: 0
          m_StringArgument: 
          m_BoolArgument: 0
        m_CallState: 2
  minimumSwipePixelVelocity: 500
--- !u!114 &5841260908108754326
MonoBehaviour:
  m_ObjectHideFlags: 0
  m_CorrespondingSourceObject: {fileID: 0}
  m_PrefabInstance: {fileID: 0}
  m_PrefabAsset: {fileID: 0}
  m_GameObject: {fileID: 5841260908108754325}
  m_Enabled: 1
  m_EditorHideFlags: 0
  m_Script: {fileID: 11500000, guid: d7a88249e6f74414b9950d4637f60e66, type: 3}
  m_Name: 
  m_EditorClassIdentifier: 
  dicePrefab: {fileID: 1484299133784238023, guid: d366dccc04b80b64b8c7d9a2b9cec28f,
    type: 3}
  previewRotationSpeed: 30
  onDiceGenerated:
    m_PersistentCalls:
      m_Calls: []
  cooldown: 5
--- !u!114 &4961611271226570048
MonoBehaviour:
  m_ObjectHideFlags: 0
  m_CorrespondingSourceObject: {fileID: 0}
  m_PrefabInstance: {fileID: 0}
  m_PrefabAsset: {fileID: 0}
  m_GameObject: {fileID: 5841260908108754325}
  m_Enabled: 1
  m_EditorHideFlags: 0
  m_Script: {fileID: 11500000, guid: edf6609a37b059d4fbdb49307dc055a1, type: 3}
  m_Name: 
  m_EditorClassIdentifier: 
  HoverSprite: {fileID: 956980201583310917}
