%YAML 1.1
%TAG !u! tag:unity3d.com,2011:
--- !u!1 &2971857598643423940
GameObject:
  m_ObjectHideFlags: 0
  m_CorrespondingSourceObject: {fileID: 0}
  m_PrefabInstance: {fileID: 0}
  m_PrefabAsset: {fileID: 0}
  serializedVersion: 6
  m_Component:
  - component: {fileID: 1766120550989014821}
  - component: {fileID: 2183796372065626632}
  m_Layer: 9
  m_Name: SwordSFX
  m_TagString: Untagged
  m_Icon: {fileID: 0}
  m_NavMeshLayer: 0
  m_StaticEditorFlags: 0
  m_IsActive: 1
--- !u!4 &1766120550989014821
Transform:
  m_ObjectHideFlags: 0
  m_CorrespondingSourceObject: {fileID: 0}
  m_PrefabInstance: {fileID: 0}
  m_PrefabAsset: {fileID: 0}
  m_GameObject: {fileID: 2971857598643423940}
  m_LocalRotation: {x: 0, y: 0, z: 0, w: 1}
  m_LocalPosition: {x: 0, y: 0, z: 0}
  m_LocalScale: {x: 1, y: 1, z: 1}
  m_Children: []
  m_Father: {fileID: 726682661274708659}
  m_RootOrder: 3
  m_LocalEulerAnglesHint: {x: 0, y: 0, z: 0}
--- !u!114 &2183796372065626632
MonoBehaviour:
  m_ObjectHideFlags: 0
  m_CorrespondingSourceObject: {fileID: 0}
  m_PrefabInstance: {fileID: 0}
  m_PrefabAsset: {fileID: 0}
  m_GameObject: {fileID: 2971857598643423940}
  m_Enabled: 1
  m_EditorHideFlags: 0
  m_Script: {fileID: 11500000, guid: 6214d9bea85c048448741528c759aa86, type: 3}
  m_Name: 
  m_EditorClassIdentifier: 
  audioObject: {fileID: 11400000, guid: 1a13919e10ed0a64d915b758a38ddd31, type: 2}
  defaultChannel: -1
  masterVolume: 1
  overrideMasterVolume: 0
  masterVolumeOverride: 1
  playUpdateMode: 1
  overridePlayUpdateMode: 0
  playUpdateModeOverride: 1
  TargetToFollow: {fileID: 0}
  Mute: 0
  OverrideValues: 0
  overrideRandomVolumeMultiplier: 0
  randomVolumeMultiplier: 1
  overrideRandomPitchMultiplier: 0
  randomPitchMultiplier: 1
  overrideAudioClip: 0
  audioClipOverride: {fileID: 0}
  overrideVolume: 0
  volumeOverride: 1
  overridePitch: 0
  pitchOverride: 1
  overrideSpatialMode: 0
  spatialMode2DOverride: 0
  overrideStereoPan: 0
  stereoPanOverride: 0
  overrideSpread: 0
  spreadOverride: 0
  overrideDopplerLevel: 0
  dopplerLevelOverride: 0.25
  overrideReverbZone: 0
  reverbZoneMixOverride: 1
  overrideDistance: 0
  minDistanceOverride: 1
  maxDistanceOverride: 20
  overrideMixerGroup: 0
  mixerGroupOverride: {fileID: 0}
  occludeSound: 0
  overrideOccludeSound: 0
  occludeSoundOverride: 0
  delay: 0
  delayUpdateMode: 0
  overrideDelayUpdateMode: 0
  delayUpdateModeOverride: 0
  overrideVolumeRolloff: 0
  volumeRolloffOverride: 0
  volumeRolloffCurveOverride:
    serializedVersion: 2
    m_Curve:
    - serializedVersion: 3
      time: 0
      value: 0
      inSlope: 0
      outSlope: 0
      tangentMode: 0
      weightedMode: 0
      inWeight: 0
      outWeight: 0
    - serializedVersion: 3
      time: 1
      value: 1
      inSlope: 0
      outSlope: 0
      tangentMode: 0
      weightedMode: 0
      inWeight: 0
      outWeight: 0
    m_PreInfinity: 2
    m_PostInfinity: 2
    m_RotationOrder: 4
  overrideSpatialize: 0
  spatializeOverride: 0
  playOnStart: 0
  fadeInOnStart: 0
  fadeInOnStartTime: 1
  ignoreListenerPause: 0
  overrideIgnoreListenerPause: 0
  ignoreListenerPauseOverride: 0
  persistsBetweenScenes: 0
  paused: 0
  overridePaused: 0
  pausedOverride: 0
  StartDistance: 0
  outOfRange: 0
  scene:
    m_Handle: 0
  init: 0
  OnPlay:
    m_PersistentCalls:
      m_Calls: []
  OnStop:
    m_PersistentCalls:
      m_Calls: []
  OnRange:
    m_PersistentCalls:
      m_Calls: []
  OnOutOfRange:
    m_PersistentCalls:
      m_Calls: []
  OnLoop:
    m_PersistentCalls:
      m_Calls: []
  callbacksFold: 0
  usingLogRolloff: 0
--- !u!114 &8979128720279836206
MonoBehaviour:
  m_ObjectHideFlags: 0
  m_CorrespondingSourceObject: {fileID: 0}
  m_PrefabInstance: {fileID: 0}
  m_PrefabAsset: {fileID: 0}
  m_GameObject: {fileID: 726682661274708658}
  m_Enabled: 1
  m_EditorHideFlags: 0
  m_Script: {fileID: 11500000, guid: 489e19b293c7e9b4cb23363c0e75cbda, type: 3}
  m_Name: 
  m_EditorClassIdentifier: 
  Gore: {fileID: 8927391960367681581, guid: de616dd1f9c8b8048ba6eb4ad20fc7a6, type: 3}
  GorePos: {fileID: 1335627584452161654}
--- !u!1001 &6276107171475725691
PrefabInstance:
  m_ObjectHideFlags: 0
  serializedVersion: 2
  m_Modification:
    m_TransformParent: {fileID: 0}
    m_Modifications:
    - target: {fileID: 617421083, guid: c339afe573c1d154295f6305474554cf, type: 3}
      propertyPath: m_AnchorMin.y
      value: 0
      objectReference: {fileID: 0}
    - target: {fileID: 617421083, guid: c339afe573c1d154295f6305474554cf, type: 3}
      propertyPath: m_AnchorMax.y
      value: 0
      objectReference: {fileID: 0}
    - target: {fileID: 617421083, guid: c339afe573c1d154295f6305474554cf, type: 3}
      propertyPath: m_AnchoredPosition.x
      value: 0
      objectReference: {fileID: 0}
    - target: {fileID: 617421083, guid: c339afe573c1d154295f6305474554cf, type: 3}
      propertyPath: m_AnchoredPosition.y
      value: 0
      objectReference: {fileID: 0}
    - target: {fileID: 617421083, guid: c339afe573c1d154295f6305474554cf, type: 3}
      propertyPath: m_SizeDelta.x
      value: 0
      objectReference: {fileID: 0}
    - target: {fileID: 617421083, guid: c339afe573c1d154295f6305474554cf, type: 3}
      propertyPath: m_SizeDelta.y
      value: 0
      objectReference: {fileID: 0}
    - target: {fileID: 1242994481, guid: c339afe573c1d154295f6305474554cf, type: 3}
      propertyPath: m_AnchorMax.x
      value: 0
      objectReference: {fileID: 0}
    - target: {fileID: 1242994481, guid: c339afe573c1d154295f6305474554cf, type: 3}
      propertyPath: m_AnchorMax.y
      value: 0
      objectReference: {fileID: 0}
    - target: {fileID: 1336096922, guid: c339afe573c1d154295f6305474554cf, type: 3}
      propertyPath: target
      value: 
      objectReference: {fileID: 0}
    - target: {fileID: 1412909463, guid: c339afe573c1d154295f6305474554cf, type: 3}
      propertyPath: m_AnchorMin.y
      value: 0
      objectReference: {fileID: 0}
    - target: {fileID: 1412909463, guid: c339afe573c1d154295f6305474554cf, type: 3}
      propertyPath: m_AnchorMax.y
      value: 0
      objectReference: {fileID: 0}
    - target: {fileID: 1412909463, guid: c339afe573c1d154295f6305474554cf, type: 3}
      propertyPath: m_AnchoredPosition.x
      value: 0
      objectReference: {fileID: 0}
    - target: {fileID: 1412909463, guid: c339afe573c1d154295f6305474554cf, type: 3}
      propertyPath: m_AnchoredPosition.y
      value: 0
      objectReference: {fileID: 0}
    - target: {fileID: 1412909463, guid: c339afe573c1d154295f6305474554cf, type: 3}
      propertyPath: m_SizeDelta.x
      value: 0
      objectReference: {fileID: 0}
    - target: {fileID: 1412909463, guid: c339afe573c1d154295f6305474554cf, type: 3}
      propertyPath: m_SizeDelta.y
      value: 0
      objectReference: {fileID: 0}
    - target: {fileID: 1468319040, guid: c339afe573c1d154295f6305474554cf, type: 3}
      propertyPath: m_AnchorMax.x
      value: 0
      objectReference: {fileID: 0}
    - target: {fileID: 1468319040, guid: c339afe573c1d154295f6305474554cf, type: 3}
      propertyPath: m_AnchorMax.y
      value: 0
      objectReference: {fileID: 0}
    - target: {fileID: 629991514274099746, guid: c339afe573c1d154295f6305474554cf,
        type: 3}
      propertyPath: m_LocalPosition.x
      value: 2.7139213
      objectReference: {fileID: 0}
    - target: {fileID: 629991514274099746, guid: c339afe573c1d154295f6305474554cf,
        type: 3}
      propertyPath: m_LocalPosition.y
      value: 1.5064316
      objectReference: {fileID: 0}
    - target: {fileID: 629991514274099746, guid: c339afe573c1d154295f6305474554cf,
        type: 3}
      propertyPath: m_LocalPosition.z
      value: 0
      objectReference: {fileID: 0}
    - target: {fileID: 629991514559303541, guid: c339afe573c1d154295f6305474554cf,
        type: 3}
      propertyPath: m_Controller
      value: 
      objectReference: {fileID: 22100000, guid: 8bc297bff8e17d9499cbf90cb4fca30e,
        type: 2}
    - target: {fileID: 629991514692091216, guid: c339afe573c1d154295f6305474554cf,
        type: 3}
      propertyPath: m_LocalRotation.x
      value: -0.000000008139283
      objectReference: {fileID: 0}
    - target: {fileID: 629991514692091216, guid: c339afe573c1d154295f6305474554cf,
        type: 3}
      propertyPath: m_LocalRotation.y
      value: -0.00000002884201
      objectReference: {fileID: 0}
    - target: {fileID: 629991514692091216, guid: c339afe573c1d154295f6305474554cf,
        type: 3}
      propertyPath: m_LocalRotation.z
      value: -0.022354415
      objectReference: {fileID: 0}
    - target: {fileID: 629991514692091216, guid: c339afe573c1d154295f6305474554cf,
        type: 3}
      propertyPath: m_LocalRotation.w
      value: 0.99975014
      objectReference: {fileID: 0}
    - target: {fileID: 629991514692091216, guid: c339afe573c1d154295f6305474554cf,
        type: 3}
      propertyPath: m_LocalEulerAnglesHint.z
      value: -27722.562
      objectReference: {fileID: 0}
    - target: {fileID: 629991515264241408, guid: c339afe573c1d154295f6305474554cf,
        type: 3}
      propertyPath: m_LocalRotation.x
      value: 1.29679635e-11
      objectReference: {fileID: 0}
    - target: {fileID: 629991515264241408, guid: c339afe573c1d154295f6305474554cf,
        type: 3}
      propertyPath: m_LocalRotation.y
      value: 0.0000000024354672
      objectReference: {fileID: 0}
    - target: {fileID: 629991515264241408, guid: c339afe573c1d154295f6305474554cf,
        type: 3}
      propertyPath: m_LocalRotation.z
      value: -0.0016730042
      objectReference: {fileID: 0}
    - target: {fileID: 629991515264241408, guid: c339afe573c1d154295f6305474554cf,
        type: 3}
      propertyPath: m_LocalRotation.w
      value: 0.9999986
      objectReference: {fileID: 0}
    - target: {fileID: 629991515264241408, guid: c339afe573c1d154295f6305474554cf,
        type: 3}
      propertyPath: m_LocalEulerAnglesHint.z
      value: -24840.191
      objectReference: {fileID: 0}
    - target: {fileID: 1910105808354239759, guid: c339afe573c1d154295f6305474554cf,
        type: 3}
      propertyPath: m_LocalPosition.x
      value: 0.025949955
      objectReference: {fileID: 0}
    - target: {fileID: 1910105808354239759, guid: c339afe573c1d154295f6305474554cf,
        type: 3}
      propertyPath: m_LocalPosition.y
      value: 13.062897
      objectReference: {fileID: 0}
    - target: {fileID: 1910105808354239759, guid: c339afe573c1d154295f6305474554cf,
        type: 3}
      propertyPath: m_LocalPosition.z
      value: 0
      objectReference: {fileID: 0}
    - target: {fileID: 1910105808354239759, guid: c339afe573c1d154295f6305474554cf,
        type: 3}
      propertyPath: m_LocalRotation.x
      value: 0
      objectReference: {fileID: 0}
    - target: {fileID: 1910105808354239759, guid: c339afe573c1d154295f6305474554cf,
        type: 3}
      propertyPath: m_LocalRotation.y
      value: 0
      objectReference: {fileID: 0}
    - target: {fileID: 1910105808354239759, guid: c339afe573c1d154295f6305474554cf,
        type: 3}
      propertyPath: m_LocalRotation.z
      value: 0.670171
      objectReference: {fileID: 0}
    - target: {fileID: 1910105808354239759, guid: c339afe573c1d154295f6305474554cf,
        type: 3}
      propertyPath: m_LocalRotation.w
      value: 0.7422067
      objectReference: {fileID: 0}
    - target: {fileID: 1910105808354239759, guid: c339afe573c1d154295f6305474554cf,
        type: 3}
      propertyPath: m_LocalEulerAnglesHint.z
      value: 0
      objectReference: {fileID: 0}
    - target: {fileID: 2522297609582003711, guid: c339afe573c1d154295f6305474554cf,
        type: 3}
      propertyPath: m_LocalRotation.z
      value: -0.99485785
      objectReference: {fileID: 0}
    - target: {fileID: 2522297609582003711, guid: c339afe573c1d154295f6305474554cf,
        type: 3}
      propertyPath: m_LocalRotation.w
      value: 0.1012813
      objectReference: {fileID: 0}
    - target: {fileID: 3789385727150510809, guid: c339afe573c1d154295f6305474554cf,
        type: 3}
      propertyPath: m_LocalPosition.x
      value: 3.1131318
      objectReference: {fileID: 0}
    - target: {fileID: 3789385727150510809, guid: c339afe573c1d154295f6305474554cf,
        type: 3}
      propertyPath: m_LocalPosition.y
      value: 1.0137777
      objectReference: {fileID: 0}
    - target: {fileID: 3789385727150510809, guid: c339afe573c1d154295f6305474554cf,
        type: 3}
      propertyPath: m_LocalPosition.z
      value: 0
      objectReference: {fileID: 0}
    - target: {fileID: 3789385727150510809, guid: c339afe573c1d154295f6305474554cf,
        type: 3}
      propertyPath: m_LocalRotation.x
      value: 0
      objectReference: {fileID: 0}
    - target: {fileID: 3789385727150510809, guid: c339afe573c1d154295f6305474554cf,
        type: 3}
      propertyPath: m_LocalRotation.y
      value: -0
      objectReference: {fileID: 0}
    - target: {fileID: 3789385727150510809, guid: c339afe573c1d154295f6305474554cf,
        type: 3}
      propertyPath: m_LocalRotation.z
      value: 0.9770502
      objectReference: {fileID: 0}
    - target: {fileID: 3789385727150510809, guid: c339afe573c1d154295f6305474554cf,
        type: 3}
      propertyPath: m_LocalRotation.w
      value: 0.21300933
      objectReference: {fileID: 0}
    - target: {fileID: 3789385727150510809, guid: c339afe573c1d154295f6305474554cf,
        type: 3}
      propertyPath: m_LocalEulerAnglesHint.z
      value: 0
      objectReference: {fileID: 0}
    - target: {fileID: 4078862414433384138, guid: c339afe573c1d154295f6305474554cf,
        type: 3}
      propertyPath: m_LocalPosition.x
      value: 2.4390087
      objectReference: {fileID: 0}
    - target: {fileID: 4078862414433384138, guid: c339afe573c1d154295f6305474554cf,
        type: 3}
      propertyPath: m_LocalPosition.y
      value: -0.000000048587534
      objectReference: {fileID: 0}
    - target: {fileID: 4078862414433384138, guid: c339afe573c1d154295f6305474554cf,
        type: 3}
      propertyPath: m_LocalPosition.z
      value: 0
      objectReference: {fileID: 0}
    - target: {fileID: 4078862414433384138, guid: c339afe573c1d154295f6305474554cf,
        type: 3}
      propertyPath: m_LocalRotation.x
      value: 0
      objectReference: {fileID: 0}
    - target: {fileID: 4078862414433384138, guid: c339afe573c1d154295f6305474554cf,
        type: 3}
      propertyPath: m_LocalRotation.y
      value: 0
      objectReference: {fileID: 0}
    - target: {fileID: 4078862414433384138, guid: c339afe573c1d154295f6305474554cf,
        type: 3}
      propertyPath: m_LocalRotation.z
      value: -0.027518556
      objectReference: {fileID: 0}
    - target: {fileID: 4078862414433384138, guid: c339afe573c1d154295f6305474554cf,
        type: 3}
      propertyPath: m_LocalRotation.w
      value: 0.99962133
      objectReference: {fileID: 0}
    - target: {fileID: 4078862414433384138, guid: c339afe573c1d154295f6305474554cf,
        type: 3}
      propertyPath: m_LocalEulerAnglesHint.z
      value: 0
      objectReference: {fileID: 0}
    - target: {fileID: 5657793151866672465, guid: c339afe573c1d154295f6305474554cf,
        type: 3}
      propertyPath: m_LocalRotation.x
      value: -2.5539093e-11
      objectReference: {fileID: 0}
    - target: {fileID: 5657793151866672465, guid: c339afe573c1d154295f6305474554cf,
        type: 3}
      propertyPath: m_LocalRotation.y
      value: -0.000000003482021
      objectReference: {fileID: 0}
    - target: {fileID: 5657793151866672465, guid: c339afe573c1d154295f6305474554cf,
        type: 3}
      propertyPath: m_LocalRotation.z
      value: -0.000000027473277
      objectReference: {fileID: 0}
    - target: {fileID: 5657793151866672465, guid: c339afe573c1d154295f6305474554cf,
        type: 3}
      propertyPath: m_LocalRotation.w
      value: 1
      objectReference: {fileID: 0}
    - target: {fileID: 5657793151866672465, guid: c339afe573c1d154295f6305474554cf,
        type: 3}
      propertyPath: m_LocalEulerAnglesHint.z
      value: -62.698
      objectReference: {fileID: 0}
    - target: {fileID: 6544082675727254473, guid: c339afe573c1d154295f6305474554cf,
        type: 3}
      propertyPath: m_LocalRotation.x
      value: 0
      objectReference: {fileID: 0}
    - target: {fileID: 6544082675727254473, guid: c339afe573c1d154295f6305474554cf,
        type: 3}
      propertyPath: m_LocalRotation.y
      value: 0
      objectReference: {fileID: 0}
    - target: {fileID: 6544082675727254473, guid: c339afe573c1d154295f6305474554cf,
        type: 3}
      propertyPath: m_LocalRotation.z
      value: -0.0998932
      objectReference: {fileID: 0}
    - target: {fileID: 6544082675727254473, guid: c339afe573c1d154295f6305474554cf,
        type: 3}
      propertyPath: m_LocalRotation.w
      value: 0.99499816
      objectReference: {fileID: 0}
    - target: {fileID: 6544082675727254473, guid: c339afe573c1d154295f6305474554cf,
        type: 3}
      propertyPath: m_LocalEulerAnglesHint.z
      value: 0
      objectReference: {fileID: 0}
    - target: {fileID: 6704879354077345735, guid: c339afe573c1d154295f6305474554cf,
        type: 3}
      propertyPath: onDamageTaken.m_PersistentCalls.m_Calls.Array.size
      value: 1
      objectReference: {fileID: 0}
    - target: {fileID: 6704879354077345735, guid: c339afe573c1d154295f6305474554cf,
        type: 3}
      propertyPath: onEntityAttack.m_PersistentCalls.m_Calls.Array.size
      value: 1
      objectReference: {fileID: 0}
    - target: {fileID: 6704879354077345735, guid: c339afe573c1d154295f6305474554cf,
        type: 3}
      propertyPath: onDeath.m_PersistentCalls.m_Calls.Array.size
      value: 1
      objectReference: {fileID: 0}
    - target: {fileID: 6704879354077345735, guid: c339afe573c1d154295f6305474554cf,
        type: 3}
      propertyPath: onDamageTaken.m_PersistentCalls.m_Calls.Array.data[0].m_Mode
      value: 0
      objectReference: {fileID: 0}
    - target: {fileID: 6704879354077345735, guid: c339afe573c1d154295f6305474554cf,
        type: 3}
      propertyPath: onDamageTaken.m_PersistentCalls.m_Calls.Array.data[0].m_CallState
      value: 2
      objectReference: {fileID: 0}
    - target: {fileID: 6704879354077345735, guid: c339afe573c1d154295f6305474554cf,
        type: 3}
      propertyPath: onDamageTaken.m_PersistentCalls.m_Calls.Array.data[0].m_Target
      value: 
      objectReference: {fileID: 4584474573978083777}
    - target: {fileID: 6704879354077345735, guid: c339afe573c1d154295f6305474554cf,
        type: 3}
      propertyPath: onDamageTaken.m_PersistentCalls.m_Calls.Array.data[0].m_MethodName
      value: ShowDamage
      objectReference: {fileID: 0}
    - target: {fileID: 6704879354077345735, guid: c339afe573c1d154295f6305474554cf,
        type: 3}
      propertyPath: onDamageTaken.m_PersistentCalls.m_Calls.Array.data[0].m_Arguments.m_ObjectArgumentAssemblyTypeName
      value: UnityEngine.Object, UnityEngine
      objectReference: {fileID: 0}
    - target: {fileID: 6704879354077345735, guid: c339afe573c1d154295f6305474554cf,
        type: 3}
      propertyPath: onEntityAttack.m_PersistentCalls.m_Calls.Array.data[0].m_Mode
      value: 1
      objectReference: {fileID: 0}
    - target: {fileID: 6704879354077345735, guid: c339afe573c1d154295f6305474554cf,
        type: 3}
      propertyPath: onEntityAttack.m_PersistentCalls.m_Calls.Array.data[0].m_CallState
      value: 2
      objectReference: {fileID: 0}
    - target: {fileID: 6704879354077345735, guid: c339afe573c1d154295f6305474554cf,
        type: 3}
      propertyPath: onEntityAttack.m_PersistentCalls.m_Calls.Array.data[0].m_Target
      value: 
      objectReference: {fileID: 2183796372065626632}
    - target: {fileID: 6704879354077345735, guid: c339afe573c1d154295f6305474554cf,
        type: 3}
      propertyPath: onEntityAttack.m_PersistentCalls.m_Calls.Array.data[0].m_MethodName
      value: Play
      objectReference: {fileID: 0}
    - target: {fileID: 6704879354077345735, guid: c339afe573c1d154295f6305474554cf,
        type: 3}
      propertyPath: onEntityAttack.m_PersistentCalls.m_Calls.Array.data[0].m_Arguments.m_ObjectArgumentAssemblyTypeName
      value: UnityEngine.Object, UnityEngine
      objectReference: {fileID: 0}
    - target: {fileID: 6704879354077345735, guid: c339afe573c1d154295f6305474554cf,
        type: 3}
      propertyPath: onDeath.m_PersistentCalls.m_Calls.Array.data[0].m_Mode
      value: 1
      objectReference: {fileID: 0}
    - target: {fileID: 6704879354077345735, guid: c339afe573c1d154295f6305474554cf,
        type: 3}
      propertyPath: onDeath.m_PersistentCalls.m_Calls.Array.data[0].m_CallState
      value: 2
      objectReference: {fileID: 0}
    - target: {fileID: 6704879354077345735, guid: c339afe573c1d154295f6305474554cf,
        type: 3}
      propertyPath: onDeath.m_PersistentCalls.m_Calls.Array.data[0].m_Target
      value: 
      objectReference: {fileID: 8979128720279836206}
    - target: {fileID: 6704879354077345735, guid: c339afe573c1d154295f6305474554cf,
        type: 3}
      propertyPath: onDeath.m_PersistentCalls.m_Calls.Array.data[0].m_MethodName
      value: GOBOOM
      objectReference: {fileID: 0}
    - target: {fileID: 6704879354077345735, guid: c339afe573c1d154295f6305474554cf,
        type: 3}
      propertyPath: onDeath.m_PersistentCalls.m_Calls.Array.data[0].m_Arguments.m_ObjectArgumentAssemblyTypeName
      value: UnityEngine.Object, UnityEngine
      objectReference: {fileID: 0}
    - target: {fileID: 6704879354077345735, guid: c339afe573c1d154295f6305474554cf,
        type: 3}
      propertyPath: maxDamage
      value: 2
      objectReference: {fileID: 0}
    - target: {fileID: 6704879354077345736, guid: c339afe573c1d154295f6305474554cf,
        type: 3}
      propertyPath: m_LocalPosition.x
      value: 0
      objectReference: {fileID: 0}
    - target: {fileID: 6704879354077345736, guid: c339afe573c1d154295f6305474554cf,
        type: 3}
      propertyPath: m_LocalPosition.y
      value: 0
      objectReference: {fileID: 0}
    - target: {fileID: 6704879354077345736, guid: c339afe573c1d154295f6305474554cf,
        type: 3}
      propertyPath: m_LocalPosition.z
      value: 0
      objectReference: {fileID: 0}
    - target: {fileID: 6704879354077345736, guid: c339afe573c1d154295f6305474554cf,
        type: 3}
      propertyPath: m_LocalRotation.x
      value: 0
      objectReference: {fileID: 0}
    - target: {fileID: 6704879354077345736, guid: c339afe573c1d154295f6305474554cf,
        type: 3}
      propertyPath: m_LocalRotation.y
      value: 0
      objectReference: {fileID: 0}
    - target: {fileID: 6704879354077345736, guid: c339afe573c1d154295f6305474554cf,
        type: 3}
      propertyPath: m_LocalRotation.z
      value: 0
      objectReference: {fileID: 0}
    - target: {fileID: 6704879354077345736, guid: c339afe573c1d154295f6305474554cf,
        type: 3}
      propertyPath: m_LocalRotation.w
      value: 1
      objectReference: {fileID: 0}
    - target: {fileID: 6704879354077345736, guid: c339afe573c1d154295f6305474554cf,
        type: 3}
      propertyPath: m_RootOrder
      value: 0
      objectReference: {fileID: 0}
    - target: {fileID: 6704879354077345736, guid: c339afe573c1d154295f6305474554cf,
        type: 3}
      propertyPath: m_LocalEulerAnglesHint.x
      value: 0
      objectReference: {fileID: 0}
    - target: {fileID: 6704879354077345736, guid: c339afe573c1d154295f6305474554cf,
        type: 3}
      propertyPath: m_LocalEulerAnglesHint.y
      value: 0
      objectReference: {fileID: 0}
    - target: {fileID: 6704879354077345736, guid: c339afe573c1d154295f6305474554cf,
        type: 3}
      propertyPath: m_LocalEulerAnglesHint.z
      value: 0
      objectReference: {fileID: 0}
    - target: {fileID: 6704879354077345737, guid: c339afe573c1d154295f6305474554cf,
        type: 3}
      propertyPath: m_Name
      value: PawnHero01Handle Variant
      objectReference: {fileID: 0}
    - target: {fileID: 7531818948867767482, guid: c339afe573c1d154295f6305474554cf,
        type: 3}
      propertyPath: SelectionColor.g
      value: 0.4717369
      objectReference: {fileID: 0}
    - target: {fileID: 7651014418405548474, guid: c339afe573c1d154295f6305474554cf,
        type: 3}
      propertyPath: m_LocalRotation.x
      value: 0
      objectReference: {fileID: 0}
    - target: {fileID: 7651014418405548474, guid: c339afe573c1d154295f6305474554cf,
        type: 3}
      propertyPath: m_LocalRotation.y
      value: 0
      objectReference: {fileID: 0}
    - target: {fileID: 7651014418405548474, guid: c339afe573c1d154295f6305474554cf,
        type: 3}
      propertyPath: m_LocalRotation.z
      value: 0.14775874
      objectReference: {fileID: 0}
    - target: {fileID: 7651014418405548474, guid: c339afe573c1d154295f6305474554cf,
        type: 3}
      propertyPath: m_LocalRotation.w
      value: 0.98902345
      objectReference: {fileID: 0}
    - target: {fileID: 7651014418405548474, guid: c339afe573c1d154295f6305474554cf,
        type: 3}
      propertyPath: m_LocalEulerAnglesHint.z
      value: 0
      objectReference: {fileID: 0}
    - target: {fileID: 9126774628532811550, guid: c339afe573c1d154295f6305474554cf,
        type: 3}
      propertyPath: m_LocalRotation.x
      value: 0
      objectReference: {fileID: 0}
    - target: {fileID: 9126774628532811550, guid: c339afe573c1d154295f6305474554cf,
        type: 3}
      propertyPath: m_LocalRotation.y
      value: -0
      objectReference: {fileID: 0}
    - target: {fileID: 9126774628532811550, guid: c339afe573c1d154295f6305474554cf,
        type: 3}
      propertyPath: m_LocalRotation.z
      value: -0.9896911
      objectReference: {fileID: 0}
    - target: {fileID: 9126774628532811550, guid: c339afe573c1d154295f6305474554cf,
        type: 3}
      propertyPath: m_LocalRotation.w
      value: 0.14321877
      objectReference: {fileID: 0}
    - target: {fileID: 9126774628532811550, guid: c339afe573c1d154295f6305474554cf,
        type: 3}
      propertyPath: m_LocalEulerAnglesHint.z
      value: 0
      objectReference: {fileID: 0}
    - target: {fileID: 9126774628532811550, guid: c339afe573c1d154295f6305474554cf,
        type: 3}
      propertyPath: m_LocalPosition.x
      value: 0.88889766
      objectReference: {fileID: 0}
    - target: {fileID: 9126774628532811550, guid: c339afe573c1d154295f6305474554cf,
        type: 3}
      propertyPath: m_LocalPosition.y
      value: -0.5762871
      objectReference: {fileID: 0}
    - target: {fileID: 9126774628532811550, guid: c339afe573c1d154295f6305474554cf,
        type: 3}
      propertyPath: m_LocalPosition.z
      value: 0
      objectReference: {fileID: 0}
    m_RemovedComponents: []
  m_SourcePrefab: {fileID: 100100000, guid: c339afe573c1d154295f6305474554cf, type: 3}
--- !u!1 &726682661274708658 stripped
GameObject:
  m_CorrespondingSourceObject: {fileID: 6704879354077345737, guid: c339afe573c1d154295f6305474554cf,
    type: 3}
  m_PrefabInstance: {fileID: 6276107171475725691}
  m_PrefabAsset: {fileID: 0}
--- !u!4 &726682661274708659 stripped
Transform:
  m_CorrespondingSourceObject: {fileID: 6704879354077345736, guid: c339afe573c1d154295f6305474554cf,
    type: 3}
  m_PrefabInstance: {fileID: 6276107171475725691}
  m_PrefabAsset: {fileID: 0}
--- !u!114 &4584474573978083777 stripped
MonoBehaviour:
  m_CorrespondingSourceObject: {fileID: 7531818948867767482, guid: c339afe573c1d154295f6305474554cf,
    type: 3}
  m_PrefabInstance: {fileID: 6276107171475725691}
  m_PrefabAsset: {fileID: 0}
  m_GameObject: {fileID: 726682661274708658}
  m_Enabled: 1
  m_EditorHideFlags: 0
  m_Script: {fileID: 11500000, guid: b34bd47d21b93504f8237cf7f354a565, type: 3}
  m_Name: 
  m_EditorClassIdentifier: 
--- !u!4 &1335627584452161654 stripped
Transform:
  m_CorrespondingSourceObject: {fileID: 5012554825169923341, guid: c339afe573c1d154295f6305474554cf,
    type: 3}
  m_PrefabInstance: {fileID: 6276107171475725691}
  m_PrefabAsset: {fileID: 0}
